%
% Modified by Sameer Vijay
% Last Change: Wed Jul 27 2005 13:00 CEST
%

# Chapter 1
@article{Tanabashi:2018oca,
    author = "Tanabashi, M. and others",
    collaboration = "Particle Data Group",
    title = "{Review of Particle Physics}",
    doi = "10.1103/PhysRevD.98.030001",
    journal = "Phys. Rev. D",
    volume = "98",
    number = "3",
    pages = "030001",
    year = "2018"
}

@article{Raidal:2008jk,
    author = "Raidal, M. and others",
    editor = "Fleischer, R. and Hurth, T. and Mangano, M.L.",
    title = "{Flavor physics of leptons and dipole moments}",
    eprint = "0801.1826",
    archivePrefix = "arXiv",
    primaryClass = "hep-ph",
    doi = "10.1140/epjc/s10052-008-0715-2",
    journal = "Eur. Phys. J. C",
    volume = "57",
    pages = "13--182",
    year = "2008"
}

@article{Evans:2008zzb,
    editor = "Evans, Lyndon and Bryant, Philip",
    title = "{LHC Machine}",
    doi = "10.1088/1748-0221/3/08/S08001",
    journal = "JINST",
    volume = "3",
    pages = "S08001",
    year = "2008"
}

@article{Aad:2012tfa,
    author = "Aad, Georges and others",
    collaboration = "ATLAS",
    title = "{Observation of a new particle in the search for the Standard Model Higgs boson with the ATLAS detector at the LHC}",
    eprint = "1207.7214",
    archivePrefix = "arXiv",
    primaryClass = "hep-ex",
    reportNumber = "CERN-PH-EP-2012-218",
    doi = "10.1016/j.physletb.2012.08.020",
    journal = "Phys. Lett. B",
    volume = "716",
    pages = "1--29",
    year = "2012"
}

@article{Chatrchyan:2012ufa,
    author = "Chatrchyan, Serguei and others",
    collaboration = "CMS",
    title = "{Observation of a New Boson at a Mass of 125 GeV with the CMS Experiment at the LHC}",
    eprint = "1207.7235",
    archivePrefix = "arXiv",
    primaryClass = "hep-ex",
    reportNumber = "CMS-HIG-12-028, CERN-PH-EP-2012-220",
    doi = "10.1016/j.physletb.2012.08.021",
    journal = "Phys. Lett. B",
    volume = "716",
    pages = "30--61",
    year = "2012"
}

@article{Chatrchyan:2013lba,
    author = "Chatrchyan, Serguei and others",
    collaboration = "CMS",
    title = "{Observation of a New Boson with Mass Near 125 GeV in $pp$ Collisions at $\sqrt{s}$ = 7 and 8 TeV}",
    eprint = "1303.4571",
    archivePrefix = "arXiv",
    primaryClass = "hep-ex",
    reportNumber = "CMS-HIG-12-036, CERN-PH-EP-2013-035",
    doi = "10.1007/JHEP06(2013)081",
    journal = "JHEP",
    volume = "06",
    pages = "081",
    year = "2013"
}

@article{Harnik:2012pb,
    author = "Harnik, Roni and Kopp, Joachim and Zupan, Jure",
    title = "{Flavor Violating Higgs Decays}",
    eprint = "1209.1397",
    archivePrefix = "arXiv",
    primaryClass = "hep-ph",
    reportNumber = "FERMILAB-PUB-12-498-T",
    doi = "10.1007/JHEP03(2013)026",
    journal = "JHEP",
    volume = "03",
    pages = "026",
    year = "2013"
}

@article{Fukuda:1998mi,
    author = "Fukuda, Y. and others",
    collaboration = "Super-Kamiokande",
    title = "{Evidence for oscillation of atmospheric neutrinos}",
    eprint = "hep-ex/9807003",
    archivePrefix = "arXiv",
    reportNumber = "BU-98-17, ICRR-REPORT-422-98-18, UCI-98-8, KEK-PREPRINT-98-95, LSU-HEPA-5-98, UMD-98-003, SBHEP-98-5, TKU-PAP-98-06, TIT-HPE-98-09",
    doi = "10.1103/PhysRevLett.81.1562",
    journal = "Phys. Rev. Lett.",
    volume = "81",
    pages = "1562--1567",
    year = "1998"
}

@article{Ahmad:2002jz,
    author = "Ahmad, Q.R. and others",
    collaboration = "SNO",
    title = "{Direct evidence for neutrino flavor transformation from neutral current interactions in the Sudbury Neutrino Observatory}",
    eprint = "nucl-ex/0204008",
    archivePrefix = "arXiv",
    doi = "10.1103/PhysRevLett.89.011301",
    journal = "Phys. Rev. Lett.",
    volume = "89",
    pages = "011301",
    year = "2002"
}

# Chapter 2
@article{Willmann:1998gd,
    author = "Willmann, L. and others",
    title = "{New bounds from searching for muonium to anti-muonium conversion}",
    eprint = "hep-ex/9807011",
    archivePrefix = "arXiv",
    reportNumber = "UHD-PI-MY-9812",
    doi = "10.1103/PhysRevLett.82.49",
    journal = "Phys. Rev. Lett.",
    volume = "82",
    pages = "49--52",
    year = "1999"
}

@article{Goldstone:1961eq,
    author = "Goldstone, J.",
    title = "{Field Theories with Superconductor Solutions}",
    doi = "10.1007/BF02812722",
    journal = "Nuovo Cim.",
    volume = "19",
    pages = "154--164",
    year = "1961"
}

@article{Goldstone:1962es,
    author = "Goldstone, Jeffrey and Salam, Abdus and Weinberg, Steven",
    title = "{Broken Symmetries}",
    doi = "10.1103/PhysRev.127.965",
    journal = "Phys. Rev.",
    volume = "127",
    pages = "965--970",
    year = "1962"
}

@article{Ade:2015xua,
    author = "Ade, P.A.R. and others",
    collaboration = "Planck",
    title = "{Planck 2015 results. XIII. Cosmological parameters}",
    eprint = "1502.01589",
    archivePrefix = "arXiv",
    primaryClass = "astro-ph.CO",
    doi = "10.1051/0004-6361/201525830",
    journal = "Astron. Astrophys.",
    volume = "594",
    pages = "A13",
    year = "2016"
}

@article{Blankenburg:2012ex,
    author = "Blankenburg, Gianluca and Ellis, John and Isidori, Gino",
    title = "{Flavour-Changing Decays of a 125 GeV Higgs-like Particle}",
    eprint = "1202.5704",
    archivePrefix = "arXiv",
    primaryClass = "hep-ph",
    reportNumber = "CERN-PH-TH-2012-049, KCL-PH-TH-2012-09, LCTS-2012-05",
    doi = "10.1016/j.physletb.2012.05.007",
    journal = "Phys. Lett. B",
    volume = "712",
    pages = "386--390",
    year = "2012"
}

@article{Khachatryan:2015kon,
    author = "Khachatryan, Vardan and others",
    collaboration = "CMS",
    title = "{Search for Lepton-Flavour-Violating Decays of the Higgs Boson}",
    eprint = "1502.07400",
    archivePrefix = "arXiv",
    primaryClass = "hep-ex",
    reportNumber = "CMS-HIG-14-005, CERN-PH-EP-2015-027",
    doi = "10.1016/j.physletb.2015.07.053",
    journal = "Phys. Lett. B",
    volume = "749",
    pages = "337--362",
    year = "2015"
}

@article{DiazCruz:1999xe,
    author = "Diaz-Cruz, J.Lorenzo and Toscano, J.J.",
    title = "{Lepton flavor violating decays of Higgs bosons beyond the standard model}",
    eprint = "hep-ph/9910233",
    archivePrefix = "arXiv",
    reportNumber = "HEP-IFUAP-99-2",
    doi = "10.1103/PhysRevD.62.116005",
    journal = "Phys. Rev. D",
    volume = "62",
    pages = "116005",
    year = "2000"
}

@article{Cheng:1987rs,
    author = "Cheng, T.P. and Sher, Marc",
    title = "{Mass Matrix Ansatz and Flavor Nonconservation in Models with Multiple Higgs Doublets}",
    reportNumber = "WU-TH-87-1",
    doi = "10.1103/PhysRevD.35.3484",
    journal = "Phys. Rev. D",
    volume = "35",
    pages = "3484",
    year = "1987"
}

@article{Goto:2015iha,
    author = "Goto, Toru and Kitano, Ryuichiro and Mori, Shingo",
    title = "{Lepton flavor violating $Z$-boson couplings from nonstandard Higgs interactions}",
    eprint = "1507.03234",
    archivePrefix = "arXiv",
    primaryClass = "hep-ph",
    reportNumber = "KEK-TH-1845",
    doi = "10.1103/PhysRevD.92.075021",
    journal = "Phys. Rev. D",
    volume = "92",
    pages = "075021",
    year = "2015"
}

@article{deFlorian:2016spz,
    author = "de Florian, D. and others",
    collaboration = "LHC Higgs Cross Section Working Group",
    title = "{Handbook of LHC Higgs Cross Sections: 4. Deciphering the Nature of the Higgs Sector}",
    eprint = "1610.07922",
    archivePrefix = "arXiv",
    primaryClass = "hep-ph",
    reportNumber = "CERN-2017-002-M, CERN-2017-002",
    doi = "10.23731/CYRM-2017-002",
    volume = "2/2017",
    month = "10",
    year = "2016"
}

@article{Sirunyan:2019shc,
    author = "Sirunyan, Albert M and others",
    collaboration = "CMS",
    title = "{Search for lepton flavour violating decays of a neutral heavy Higgs boson to $\mu\tau$ and e$\tau$ in proton-proton collisions at $\sqrt{s}=$ 13 TeV}",
    eprint = "1911.10267",
    archivePrefix = "arXiv",
    primaryClass = "hep-ex",
    reportNumber = "CMS-HIG-18-017, CERN-EP-2019-170",
    doi = "10.1007/JHEP03(2020)103",
    journal = "JHEP",
    volume = "03",
    pages = "103",
    year = "2020"
}

@article{Primulando:2016eod,
    author = "Primulando, Reinard and Uttayarat, Patipan",
    title = "{Probing Lepton Flavor Violation at the 13 TeV LHC}",
    eprint = "1612.01644",
    archivePrefix = "arXiv",
    primaryClass = "hep-ph",
    doi = "10.1007/JHEP05(2017)055",
    journal = "JHEP",
    volume = "05",
    pages = "055",
    year = "2017"
}

# Chapter 3
@inproceedings{Siddireddy:2018gxt,
    author = "Siddireddy, Prasanna Kumar",
    collaboration = "CMS",
    title = "{The CMS ECAL Trigger and DAQ system: electronics auto-recovery and monitoring}",
    eprint = "1806.09136",
    archivePrefix = "arXiv",
    primaryClass = "physics.ins-det",
    reportNumber = "CMS CR -2018/084, CMS-CR--2018-084",
    month = "6",
    year = "2018"
}

@article{Almeida:2008zz,
    author = "Almeida, N. and others",
    title = "{Data filtering in the readout of the CMS electromagnetic calorimeter}",
    reportNumber = "CERN-CMS-NOTE-2008-002",
    doi = "10.1088/1748-0221/3/02/P02011",
    journal = "JINST",
    volume = "3",
    pages = "P02011",
    year = "2008"
}

@article{Chatrchyan:2008aa,
    author = "Chatrchyan, S. and others",
    collaboration = "CMS",
    title = "{The CMS Experiment at the CERN LHC}",
    doi = "10.1088/1748-0221/3/08/S08004",
    journal = "JINST",
    volume = "3",
    pages = "S08004",
    year = "2008"
}

@article{Electron-Positron:1997351,
    title         = "{The Large Electron-Positron Collider}",
    month         = "Jul",
    year          = "2012",
    url           = "https://cds.cern.ch/record/1997351",
}

@article{accelerator:1997427,
    title         = "{Linear accelerator 2}",
    month         = "Sep",
    year          = "2012",
    url           = "https://cds.cern.ch/record/1997427",
}

@article{Synchrotron:1997372,
    title         = "{The Proton Synchrotron Booster}",
    month         = "Jul",
    year          = "2012",
    url           = "https://cds.cern.ch/record/1997372",
}

@article{Synchrotron:1997189,
    title         = "{The Proton Synchrotron}",
    month         = "Jan",
    year          = "2012",
    url           = "https://cds.cern.ch/record/1997189",
}

@article{Synchrotron:1997188,
    title         = "{The Super Proton Synchrotron}",
    month         = "Jan",
    year          = "2012",
    url           = "https://cds.cern.ch/record/1997188",
}

@article{Aad:2008zzm,
    author = "Aad, G. and others",
    collaboration = "ATLAS",
    title = "{The ATLAS Experiment at the CERN Large Hadron Collider}",
    doi = "10.1088/1748-0221/3/08/S08003",
    journal = "JINST",
    volume = "3",
    pages = "S08003",
    year = "2008"
}

@article{Aamodt:2008zz,
    author = "Aamodt, K. and others",
    collaboration = "ALICE",
    title = "{The ALICE experiment at the CERN LHC}",
    doi = "10.1088/1748-0221/3/08/S08002",
    journal = "JINST",
    volume = "3",
    pages = "S08002",
    year = "2008"
}

@article{Alves:2008zz,
    author = "Alves, A.Augusto, Jr. and others",
    collaboration = "LHCb",
    title = "{The LHCb Detector at the LHC}",
    doi = "10.1088/1748-0221/3/08/S08005",
    journal = "JINST",
    volume = "3",
    pages = "S08005",
    year = "2008"
}

@article{Anelli:2008zza,
    author = "Anelli, G. and others",
    collaboration = "TOTEM",
    title = "{The TOTEM experiment at the CERN Large Hadron Collider}",
    doi = "10.1088/1748-0221/3/08/S08007",
    journal = "JINST",
    volume = "3",
    pages = "S08007",
    year = "2008"
}

@article{Adriani:2008zz,
    author = "Adriani, O. and others",
    collaboration = "LHCf",
    title = "{The LHCf detector at the CERN Large Hadron Collider}",
    doi = "10.1088/1748-0221/3/08/S08006",
    journal = "JINST",
    volume = "3",
    pages = "S08006",
    year = "2008"
}

@misc{lumi,
    note =         "\url{https://twiki.cern.ch/twiki/bin/view/CMSPublic/LumiPublicResults}",
}

@article{BUL-NA-2003-150,
    title         = "{CMS ready for winding up}",
    number        = "BUL-NA-2003-150. 49/2003. 49/2003",
    pages         = "1",
    month         = "Dec",
    year          = "2003",
    reportNumber  = "BUL-NA-2003-150",
    url           = "https://cds.cern.ch/record/686754",
    note          = "Cover article",
}

@article{Khachatryan:2010pw,
    author = "Khachatryan, Vardan and others",
    collaboration = "CMS",
    title = "{CMS Tracking Performance Results from Early LHC Operation}",
    eprint = "1007.1988",
    archivePrefix = "arXiv",
    primaryClass = "physics.ins-det",
    reportNumber = "CERN-PH-EP-2010-019, CMS-TRK-10-001",
    doi = "10.1140/epjc/s10052-010-1491-3",
    journal = "Eur. Phys. J. C",
    volume = "70",
    pages = "1165--1192",
    year = "2010"
}

@article{CMS:2010bta,
    collaboration = "CMS",
    title = "{Electron reconstruction and identification at sqrt(s) = 7 TeV}",
    reportNumber = "CMS-PAS-EGM-10-004",
    year = "2010"
}

@article{Khachatryan:2015hwa,
    author = "Khachatryan, Vardan and others",
    collaboration = "CMS",
    title = "{Performance of Electron Reconstruction and Selection with the CMS Detector in Proton-Proton Collisions at \ensuremath{\sqrt{}}s = 8  TeV}",
    eprint = "1502.02701",
    archivePrefix = "arXiv",
    primaryClass = "physics.ins-det",
    reportNumber = "CMS-EGM-13-001, CERN-PH-EP-2015-004",
    doi = "10.1088/1748-0221/10/06/P06005",
    journal = "JINST",
    volume = "10",
    number = "06",
    pages = "P06005",
    year = "2015"
}

@article{Bayatian:2006nff,
    author = "Bayatian, G. L. and others",
    collaboration = "CMS",
    title = "{CMS Physics}: {Technical Design Report Volume 1: Detector Performance and Software}",
    reportNumber = "CERN-LHCC-2006-001, CMS-TDR-8-1",
    year = "2006"
}

@article{CMS:2019jhq,
    collaboration = "CMS",
    title = "{CMS luminosity measurement for the 2018 data-taking period at $\sqrt{s} = 13~\mathrm{TeV}$}",
    reportNumber = "CMS-PAS-LUM-18-002",
    month = "5",
    year = "2019"
}

@article{CMS:2018elu,
    collaboration = "CMS",
    title = "{CMS luminosity measurement for the 2017 data-taking period at $\sqrt{s} = 13~\mathrm{TeV}$}",
    reportNumber = "CMS-PAS-LUM-17-004",
    month = "6",
    year = "2018"
}

@article{CMS:2017sdi,
    collaboration = "CMS",
    title = "{CMS Luminosity Measurements for the 2016 Data Taking Period}",
    reportNumber = "CMS-PAS-LUM-17-001",
    month = "3",
    year = "2017"
}

@article{CMS:2013gfa,
    collaboration = "CMS",
    title = "{CMS Luminosity Based on Pixel Cluster Counting - Summer 2013 Update}",
    reportNumber = "CMS-PAS-LUM-13-001",
    month = "10",
    year = "2013"
}

@article{CMSCollaboration:2015zni,
    editor = "Contardo, D. and Klute, M. and Mans, J. and Silvestris, L. and Butler, J.",
    title = "{Technical Proposal for the Phase-II Upgrade of the CMS Detector}",
    reportNumber = "CERN-LHCC-2015-010, LHCC-P-008, CMS-TDR-15-02",
    month = "6",
    year = "2015"
}

@article{Adams:2016viv,
    author = "Adams, T. and others",
    title = "{Beam test evaluation of electromagnetic calorimeter modules made from proton-damaged PbWO$_4$ crystals}",
    doi = "10.1088/1748-0221/11/04/P04012",
    journal = "JINST",
    volume = "11",
    number = "04",
    pages = "P04012",
    year = "2016"
}

@article{Butler:2019rpu,
    author = "Butler, Joel N. and Tabarelli de Fatis, Tommaso",
    collaboration = "CMS",
    title = "{A MIP Timing Detector for the CMS Phase-2 Upgrade}",
    reportNumber = "CERN-LHCC-2019-003, CMS-TDR-020",
    year = "2019"
}

# Chapter 4
@article{Sjostrand:2014zea,
    author = {Sj\"ostrand, Torbj\"orn and Ask, Stefan and Christiansen, Jesper R. and Corke, Richard and Desai, Nishita and Ilten, Philip and Mrenna, Stephen and Prestel, Stefan and Rasmussen, Christine O. and Skands, Peter Z.},
    title = "{An introduction to PYTHIA 8.2}",
    eprint = "1410.3012",
    archivePrefix = "arXiv",
    primaryClass = "hep-ph",
    reportNumber = "LU-TP-14-36, MCNET-14-22, CERN-PH-TH-2014-190, FERMILAB-PUB-14-316-CD, DESY-14-178, SLAC-PUB-16122",
    doi = "10.1016/j.cpc.2015.01.024",
    journal = "Comput. Phys. Commun.",
    volume = "191",
    pages = "159--177",
    year = "2015"
}

@article{Alwall:2006yp,
    author = "Alwall, Johan and others",
    title = "{A Standard format for Les Houches event files}",
    eprint = "hep-ph/0609017",
    archivePrefix = "arXiv",
    reportNumber = "FERMILAB-PUB-06-337-T, CERN-LCGAPP-2006-03",
    doi = "10.1016/j.cpc.2006.11.010",
    journal = "Comput. Phys. Commun.",
    volume = "176",
    pages = "300--304",
    year = "2007"
}

@article{Amati:1979fg,
    author = "Amati, D. and Veneziano, G.",
    title = "{Preconfinement as a Property of Perturbative QCD}",
    reportNumber = "CERN-TH-2620",
    doi = "10.1016/0370-2693(79)90896-7",
    journal = "Phys. Lett. B",
    volume = "83",
    pages = "87--92",
    year = "1979"
}

@article{Alwall:2011uj,
    author = "Alwall, Johan and Herquet, Michel and Maltoni, Fabio and Mattelaer, Olivier and Stelzer, Tim",
    title = "{MadGraph 5 : Going Beyond}",
    eprint = "1106.0522",
    archivePrefix = "arXiv",
    primaryClass = "hep-ph",
    reportNumber = "FERMILAB-PUB-11-448-T",
    doi = "10.1007/JHEP06(2011)128",
    journal = "JHEP",
    volume = "06",
    pages = "128",
    year = "2011"
}

@article{Alioli:2010xd,
    author = "Alioli, Simone and Nason, Paolo and Oleari, Carlo and Re, Emanuele",
    title = "{A general framework for implementing NLO calculations in shower Monte Carlo programs: the POWHEG BOX}",
    eprint = "1002.2581",
    archivePrefix = "arXiv",
    primaryClass = "hep-ph",
    reportNumber = "DESY-10-018, SFB-CPP-10-22, IPPP-10-11, DCPT-10-22",
    doi = "10.1007/JHEP06(2010)043",
    journal = "JHEP",
    volume = "06",
    pages = "043",
    year = "2010"
}

@article{Frederix:2011ss,
    author = "Frederix, Rikkert and Frixione, Stefano and Hirschi, Valentin and Maltoni, Fabio and Pittau, Roberto and Torrielli, Paolo",
    title = "{Four-lepton production at hadron colliders: aMC@NLO predictions with theoretical uncertainties}",
    eprint = "1110.4738",
    archivePrefix = "arXiv",
    primaryClass = "hep-ph",
    reportNumber = "CERN-PH-TH-2011-250, CP3-11-32, ZU-TH-19-11, NSF-KITP-11-115",
    doi = "10.1007/JHEP02(2012)099",
    journal = "JHEP",
    volume = "02",
    pages = "099",
    year = "2012"
}

@article{Alwall:2014hca,
    author = "Alwall, J. and Frederix, R. and Frixione, S. and Hirschi, V. and Maltoni, F. and Mattelaer, O. and Shao, H. -S. and Stelzer, T. and Torrielli, P. and Zaro, M.",
    title = "{The automated computation of tree-level and next-to-leading order differential cross sections, and their matching to parton shower simulations}",
    eprint = "1405.0301",
    archivePrefix = "arXiv",
    primaryClass = "hep-ph",
    reportNumber = "CERN-PH-TH-2014-064, CP3-14-18, LPN14-066, MCNET-14-09, ZU-TH-14-14",
    doi = "10.1007/JHEP07(2014)079",
    journal = "JHEP",
    volume = "07",
    pages = "079",
    year = "2014"
}

@article{Hirschi:2011pa,
    author = "Hirschi, Valentin and Frederix, Rikkert and Frixione, Stefano and Garzelli, Maria Vittoria and Maltoni, Fabio and Pittau, Roberto",
    title = "{Automation of one-loop QCD corrections}",
    eprint = "1103.0621",
    archivePrefix = "arXiv",
    primaryClass = "hep-ph",
    reportNumber = "CERN-PH-TH-2011-031, CP3-11-07, ZU-TH-01-11",
    doi = "10.1007/JHEP05(2011)044",
    journal = "JHEP",
    volume = "05",
    pages = "044",
    year = "2011"
}

@article{Mangano:2001xp,
    author = "Mangano, Michelangelo L. and Moretti, Mauro and Pittau, Roberto",
    title = "{Multijet matrix elements and shower evolution in hadronic collisions: $W b \bar{b}$ + $n$ jets as a case study}",
    eprint = "hep-ph/0108069",
    archivePrefix = "arXiv",
    reportNumber = "CERN-TH-2001-215",
    doi = "10.1016/S0550-3213(02)00249-3",
    journal = "Nucl. Phys. B",
    volume = "632",
    pages = "343--362",
    year = "2002"
}

@article{Mangano:2002ea,
    author = "Mangano, Michelangelo L. and Moretti, Mauro and Piccinini, Fulvio and Pittau, Roberto and Polosa, Antonio D.",
    title = "{ALPGEN, a generator for hard multiparton processes in hadronic collisions}",
    eprint = "hep-ph/0206293",
    archivePrefix = "arXiv",
    reportNumber = "CERN-TH-2002-129, FTN-T-2002-06",
    doi = "10.1088/1126-6708/2003/07/001",
    journal = "JHEP",
    volume = "07",
    pages = "001",
    year = "2003"
}

@article{Frederix:2012ps,
    author = "Frederix, Rikkert and Frixione, Stefano",
    title = "{Merging meets matching in MC@NLO}",
    eprint = "1209.6215",
    archivePrefix = "arXiv",
    primaryClass = "hep-ph",
    reportNumber = "CERN-PH-TH-2012-247, ZU-TH-21-12",
    doi = "10.1007/JHEP12(2012)061",
    journal = "JHEP",
    volume = "12",
    pages = "061",
    year = "2012"
}

@article{Agostinelli:2002hh,
    author = "Agostinelli, S. and others",
    collaboration = "GEANT4",
    title = "{GEANT4--a simulation toolkit}",
    reportNumber = "SLAC-PUB-9350, FERMILAB-PUB-03-339, CERN-IT-2002-003",
    doi = "10.1016/S0168-9002(03)01368-8",
    journal = "Nucl. Instrum. Meth. A",
    volume = "506",
    pages = "250--303",
    year = "2003"
}

# Chapter 5
@article{Sirunyan:2017ulk,
    author = "Sirunyan, A.M. and others",
    collaboration = "CMS",
    title = "{Particle-flow reconstruction and global event description with the CMS detector}",
    eprint = "1706.04965",
    archivePrefix = "arXiv",
    primaryClass = "physics.ins-det",
    reportNumber = "CMS-PRF-14-001, CERN-EP-2017-110",
    doi = "10.1088/1748-0221/12/10/P10003",
    journal = "JINST",
    volume = "12",
    number = "10",
    pages = "P10003",
    year = "2017"
}

@article{Chatrchyan:2014fea,
    author = "Chatrchyan, Serguei and others",
    collaboration = "CMS",
    title = "{Description and performance of track and primary-vertex reconstruction with the CMS tracker}",
    eprint = "1405.6569",
    archivePrefix = "arXiv",
    primaryClass = "physics.ins-det",
    reportNumber = "CMS-TRK-11-001, CERN-PH-EP-2014-070",
    doi = "10.1088/1748-0221/9/10/P10009",
    journal = "JINST",
    volume = "9",
    number = "10",
    pages = "P10009",
    year = "2014"
}

@article{Fruhwirth:1987fm,
    author = "Fruhwirth, R.",
    title = "{Application of Kalman filtering to track and vertex fitting}",
    reportNumber = "HEPHY-PUB-87-503",
    doi = "10.1016/0168-9002(87)90887-4",
    journal = "Nucl. Instrum. Meth. A",
    volume = "262",
    pages = "444--450",
    year = "1987"
}

@article{Fruhwirth:2007hz,
    author = "Fruhwirth, R. and Waltenberger, W. and Vanlaer, P.",
    title = "{Adaptive vertex fitting}",
    reportNumber = "CERN-CMS-NOTE-2007-008, CMS-NOTE-2007-008",
    doi = "10.1088/0954-3899/34/12/N01",
    journal = "J. Phys. G",
    volume = "34",
    pages = "N343",
    year = "2007"
}

@article{Sirunyan:2018fpa,
    author = "Sirunyan, A.M. and others",
    collaboration = "CMS",
    title = "{Performance of the CMS muon detector and muon reconstruction with proton-proton collisions at $\sqrt{s}=$ 13 TeV}",
    eprint = "1804.04528",
    archivePrefix = "arXiv",
    primaryClass = "physics.ins-det",
    reportNumber = "CMS-MUO-16-001, CERN-EP-2018-058",
    doi = "10.1088/1748-0221/13/06/P06015",
    journal = "JINST",
    volume = "13",
    number = "06",
    pages = "P06015",
    year = "2018"
}

@misc{muon_pog,
    author =       "{CMS Muon Physics Object Group}",
    title =        "{Muon efficiency scale factors}",
    howpublished = "Website",
    note =         "\url{https://twiki.cern.ch/twiki/bin/view/CMSPublic/PhysicsResultsMUO}"
}

@article{Sirunyan:2018pgf,
    author = "Sirunyan, A.M. and others",
    collaboration = "CMS",
    title = "{Performance of reconstruction and identification of $\tau$ leptons decaying to hadrons and $\nu_\tau$ in pp collisions at $\sqrt{s}=$ 13 TeV}",
    eprint = "1809.02816",
    archivePrefix = "arXiv",
    primaryClass = "hep-ex",
    reportNumber = "CMS-TAU-16-003, CERN-EP-2018-229",
    doi = "10.1088/1748-0221/13/10/P10005",
    journal = "JINST",
    volume = "13",
    number = "10",
    pages = "P10005",
    year = "2018"
}

@article{Cacciari:2008gp,
    author = "Cacciari, Matteo and Salam, Gavin P. and Soyez, Gregory",
    title = "{The anti-$k_t$ jet clustering algorithm}",
    eprint = "0802.1189",
    archivePrefix = "arXiv",
    primaryClass = "hep-ph",
    reportNumber = "LPTHE-07-03",
    doi = "10.1088/1126-6708/2008/04/063",
    journal = "JHEP",
    volume = "04",
    pages = "063",
    year = "2008"
}

@article{Chatrchyan:2011ds,
    author = "Chatrchyan, Serguei and others",
    collaboration = "CMS",
    title = "{Determination of Jet Energy Calibration and Transverse Momentum Resolution in CMS}",
    eprint = "1107.4277",
    archivePrefix = "arXiv",
    primaryClass = "physics.ins-det",
    reportNumber = "CERN-PH-EP-2011-102, CMS-JME-10-011",
    doi = "10.1088/1748-0221/6/11/P11002",
    journal = "JINST",
    volume = "6",
    pages = "P11002",
    year = "2011"
}

@article{Khachatryan:2016kdb,
    author = "Khachatryan, Vardan and others",
    collaboration = "CMS",
    title = "{Jet energy scale and resolution in the CMS experiment in pp collisions at 8 TeV}",
    eprint = "1607.03663",
    archivePrefix = "arXiv",
    primaryClass = "hep-ex",
    reportNumber = "CMS-JME-13-004, CERN-PH-EP-2015-305",
    doi = "10.1088/1748-0221/12/02/P02014",
    journal = "JINST",
    volume = "12",
    number = "02",
    pages = "P02014",
    year = "2017"
}

@article{Sirunyan:2019kia,
    author = "Sirunyan, Albert M and others",
    collaboration = "CMS",
    title = "{Performance of missing transverse momentum reconstruction in proton-proton collisions at $\sqrt{s} =$ 13 TeV using the CMS detector}",
    eprint = "1903.06078",
    archivePrefix = "arXiv",
    primaryClass = "hep-ex",
    reportNumber = "CMS-JME-17-001, CERN-EP-2018-335",
    doi = "10.1088/1748-0221/14/07/P07004",
    journal = "JINST",
    volume = "14",
    number = "07",
    pages = "P07004",
    year = "2019"
}

@article{Cacciari:2008gn,
    author = "Cacciari, Matteo and Salam, Gavin P. and Soyez, Gregory",
    title = "{The Catchment Area of Jets}",
    eprint = "0802.1188",
    archivePrefix = "arXiv",
    primaryClass = "hep-ph",
    reportNumber = "LPTHE-07-02",
    doi = "10.1088/1126-6708/2008/04/005",
    journal = "JHEP",
    volume = "04",
    pages = "005",
    year = "2008"
}

@article{Cacciari:2007fd,
    author = "Cacciari, Matteo and Salam, Gavin P.",
    title = "{Pileup subtraction using jet areas}",
    eprint = "0707.1378",
    archivePrefix = "arXiv",
    primaryClass = "hep-ph",
    reportNumber = "LPTHE-07-01",
    doi = "10.1016/j.physletb.2007.09.077",
    journal = "Phys. Lett. B",
    volume = "659",
    pages = "119--126",
    year = "2008"
}

@article{Cacciari:2011ma,
    author = "Cacciari, Matteo and Salam, Gavin P. and Soyez, Gregory",
    title = "{FastJet User Manual}",
    eprint = "1111.6097",
    archivePrefix = "arXiv",
    primaryClass = "hep-ph",
    reportNumber = "CERN-PH-TH-2011-297",
    doi = "10.1140/epjc/s10052-012-1896-2",
    journal = "Eur. Phys. J. C",
    volume = "72",
    pages = "1896",
    year = "2012"
}

@article{CMS:2017wyc,
    collaboration = "CMS",
    title = "{Jet algorithms performance in 13 TeV data}",
    reportNumber = "CMS-PAS-JME-16-003",
    month = "3",
    year = "2017"
}

@article{Sirunyan:2017ezt,
    author = "Sirunyan, A.M. and others",
    collaboration = "CMS",
    title = "{Identification of heavy-flavour jets with the CMS detector in pp collisions at 13 TeV}",
    eprint = "1712.07158",
    archivePrefix = "arXiv",
    primaryClass = "physics.ins-det",
    reportNumber = "CMS-BTV-16-002, CERN-EP-2017-326",
    doi = "10.1088/1748-0221/13/05/P05011",
    journal = "JINST",
    volume = "13",
    number = "05",
    pages = "P05011",
    year = "2018"
}

# Chapter 6
@article{Sirunyan:2017khh,
    author = "Sirunyan, Albert M and others",
    collaboration = "CMS",
    title = "{Observation of the Higgs boson decay to a pair of $\tau$ leptons with the CMS detector}",
    eprint = "1708.00373",
    archivePrefix = "arXiv",
    primaryClass = "hep-ex",
    reportNumber = "CMS-HIG-16-043, CERN-EP-2017-181",
    doi = "10.1016/j.physletb.2018.02.004",
    journal = "Phys. Lett. B",
    volume = "779",
    pages = "283--316",
    year = "2018"
}

@article{Hocker:2007ht,
    author = "Hocker, Andreas and others",
    title = "{TMVA - Toolkit for Multivariate Data Analysis}",
    eprint = "physics/0703039",
    archivePrefix = "arXiv",
    reportNumber = "CERN-OPEN-2007-007",
    month = "3",
    year = "2007"
}

@article{Ellis:1987xu,
    author = "Ellis, R.Keith and Hinchliffe, I. and Soldate, M. and van der Bij, J.J.",
    title = "{Higgs Decay to tau+ tau-: A Possible Signature of Intermediate Mass Higgs Bosons at the SSC}",
    reportNumber = "FERMILAB-PUB-87-100-T, LBL-23504",
    doi = "10.1016/0550-3213(88)90019-3",
    journal = "Nucl. Phys. B",
    volume = "297",
    pages = "221--243",
    year = "1988"
}

@article{Roodman:2003rw,
    author = "Roodman, Aaron",
    editor = "Lyons, L. and Mount, R.P. and Reitmeyer, R.",
    title = "{Blind analysis in particle physics}",
    eprint = "physics/0312102",
    archivePrefix = "arXiv",
    reportNumber = "PHYSTAT-2003-TUIT001, SLAC-PUB-10281",
    journal = "eConf",
    volume = "C030908",
    pages = "TUIT001",
    year = "2003"
}

# Chapter 7
@article{Sirunyan:2019drn,
    author = "Sirunyan, Albert M and others",
    collaboration = "CMS",
    title = "{An embedding technique to determine $\tau\tau$ backgrounds in proton-proton collision data}",
    eprint = "1903.01216",
    archivePrefix = "arXiv",
    primaryClass = "hep-ex",
    reportNumber = "CMS-TAU-18-001, CERN-EP-2019-012",
    doi = "10.1088/1748-0221/14/06/P06032",
    journal = "JINST",
    volume = "14",
    number = "06",
    pages = "P06032",
    year = "2019"
}

# Chapter 8
@article{ATLAS:2011tau,
    collaboration = "ATLAS, CMS, LHC Higgs Combination Group",
    title = "{Procedure for the LHC Higgs boson search combination in summer 2011}",
    reportNumber = "ATL-PHYS-PUB-2011-011, CMS-NOTE-2011-005",
    month = "8",
    year = "2011"
}

@inproceedings{Conway:2011in,
    author = "Conway, J.S.",
    title = "{Incorporating Nuisance Parameters in Likelihoods for Multisource Spectra}",
    booktitle = "{PHYSTAT 2011}",
    eprint = "1103.0354",
    archivePrefix = "arXiv",
    primaryClass = "physics.data-an",
    doi = "10.5170/CERN-2011-006.115",
    pages = "115--120",
    year = "2011"
}

@article{Read:1999kh,
    author = "Read, Alexander L.",
    title = "{Linear interpolation of histograms}",
    doi = "10.1016/S0168-9002(98)01347-3",
    journal = "Nucl. Instrum. Meth. A",
    volume = "425",
    pages = "357--360",
    year = "1999"
}

@article{Chatrchyan:2012xi,
    author = "Chatrchyan, Serguei and others",
    collaboration = "CMS",
    title = "{Performance of CMS Muon Reconstruction in $pp$ Collision Events at $\sqrt{s}=7$ TeV}",
    eprint = "1206.4071",
    archivePrefix = "arXiv",
    primaryClass = "physics.ins-det",
    reportNumber = "CMS-MUO-10-004, CERN-PH-EP-2012-173",
    doi = "10.1088/1748-0221/7/10/P10002",
    journal = "JINST",
    volume = "7",
    pages = "P10002",
    year = "2012"
}

@article{Khachatryan:2015dfa,
    author = "Khachatryan, Vardan and others",
    collaboration = "CMS",
    title = "{Reconstruction and identification of $\tau$ lepton decays to hadrons and $\nu$$_\tau$ at CMS}",
    eprint = "1510.07488",
    archivePrefix = "arXiv",
    primaryClass = "physics.ins-det",
    reportNumber = "CMS-TAU-14-001, CERN-PH-EP-2015-261",
    doi = "10.1088/1748-0221/11/01/P01019",
    journal = "JINST",
    volume = "11",
    number = "01",
    pages = "P01019",
    year = "2016"
}

@article{CMS:2016gvn,
    collaboration = "CMS",
    title = "{Performance of reconstruction and identification of tau leptons in their decays to hadrons and tau neutrino in LHC Run-2}",
    reportNumber = "CMS-PAS-TAU-16-002",
    month = "7",
    year = "2016"
}

@article{Barlow:1993dm,
    author = "Barlow, Roger J. and Beeston, Christine",
    title = "{Fitting using finite Monte Carlo samples}",
    reportNumber = "MAN-HEP-93-1",
    doi = "10.1016/0010-4655(93)90005-W",
    journal = "Comput. Phys. Commun.",
    volume = "77",
    pages = "219--228",
    year = "1993"
}

@article{Read:2002hq,
    author = "Read, Alexander L.",
    editor = "Whalley, M.R. and Lyons, L.",
    title = "{Presentation of search results: The CL(s) technique}",
    doi = "10.1088/0954-3899/28/10/313",
    journal = "J. Phys. G",
    volume = "28",
    pages = "2693--2704",
    year = "2002"
}

@inproceedings{Read:2000ru,
    author = "Read, Alexander L.",
    title = "{Modified frequentist analysis of search results (The CL(s) method)}",
    booktitle = "{Workshop on Confidence Limits}",
    reportNumber = "CERN-OPEN-2000-205",
    pages = "81--101",
    month = "8",
    year = "2000"
}

@article{Junk:1999kv,
    author = "Junk, Thomas",
    title = "{Confidence level computation for combining searches with small statistics}",
    eprint = "hep-ex/9902006",
    archivePrefix = "arXiv",
    reportNumber = "CARLETON-OPAL-PHYS-99-01, CERN-EP-99-041",
    doi = "10.1016/S0168-9002(99)00498-2",
    journal = "Nucl. Instrum. Meth. A",
    volume = "434",
    pages = "435--443",
    year = "1999"
}

# Chapter 9
@article{Denner:2011mq,
    author = "Denner, A. and Heinemeyer, S. and Puljak, I. and Rebuzzi, D. and Spira, M.",
    title = "{Standard Model Higgs-Boson Branching Ratios with Uncertainties}",
    eprint = "1107.5909",
    archivePrefix = "arXiv",
    primaryClass = "hep-ph",
    doi = "10.1140/epjc/s10052-011-1753-8",
    journal = "Eur. Phys. J. C",
    volume = "71",
    pages = "1753",
    year = "2011"
}

@article{Hayasaka:2010np,
    author = "Hayasaka, K. and others",
    title = "{Search for Lepton Flavor Violating Tau Decays into Three Leptons with 719 Million Produced Tau+Tau- Pairs}",
    eprint = "1001.3221",
    archivePrefix = "arXiv",
    primaryClass = "hep-ex",
    doi = "10.1016/j.physletb.2010.03.037",
    journal = "Phys. Lett. B",
    volume = "687",
    pages = "139--143",
    year = "2010"
}

# Appendix
@article{Bianchini:2014vza,
    author = "Bianchini, Lorenzo and Conway, John and Friis, Evan Klose and Veelken, Christian",
    editor = "Groep, D.L. and Bonacorsi, D.",
    title = "{Reconstruction of the Higgs mass in $H \to \tau\tau$ Events by Dynamical Likelihood techniques}",
    doi = "10.1088/1742-6596/513/2/022035",
    journal = "J. Phys. Conf. Ser.",
    volume = "513",
    pages = "022035",
    year = "2014"
}

@article{Chatrchyan:2014nva,
    author = "Chatrchyan, Serguei and others",
    collaboration = "CMS",
    title = "{Evidence for the 125 GeV Higgs boson decaying to a pair of $\tau$ leptons}",
    eprint = "1401.5041",
    archivePrefix = "arXiv",
    primaryClass = "hep-ex",
    reportNumber = "CMS-HIG-13-004, CERN-PH-EP-2014-001",
    doi = "10.1007/JHEP05(2014)104",
    journal = "JHEP",
    volume = "05",
    pages = "104",
    year = "2014"
}

@article{Hastings:1970aa,
    author = "Hastings, W.K.",
    title = "{Monte Carlo Sampling Methods Using Markov Chains and Their Applications}",
    doi = "10.1093/biomet/57.1.97",
    journal = "Biometrika",
    volume = "57",
    pages = "97--109",
    year = "1970"
}

@article{Bianchini:2016yrt,
    author = "Bianchini, Lorenzo and Calpas, Betty and Conway, John and Fowlie, Andrew and Marzola, Luca and Veelken, Christian and Perrini, Lucia",
    title = "{Reconstruction of the Higgs mass in events with Higgs bosons decaying into a pair of $\tau$ leptons using matrix element techniques}",
    eprint = "1603.05910",
    archivePrefix = "arXiv",
    primaryClass = "hep-ex",
    reportNumber = "COEPP-MN-16-7",
    doi = "10.1016/j.nima.2017.05.001",
    journal = "Nucl. Instrum. Meth. A",
    volume = "862",
    pages = "54--84",
    year = "2017"
}

@article{CMS:2019pyn,
    collaboration = "CMS",
    title = "{Measurement of Higgs boson production and decay to the $\tau\tau$ final state}",
    reportNumber = "CMS-PAS-HIG-18-032",
    month = "3",
    year = "2019"
}







@article{Englert:1964et,
    author = "Englert, F. and Brout, R.",
    editor = "Taylor, J.C.",
    title = "{Broken Symmetry and the Mass of Gauge Vector Mesons}",
    doi = "10.1103/PhysRevLett.13.321",
    journal = "Phys. Rev. Lett.",
    volume = "13",
    pages = "321--323",
    year = "1964"
}

@article{Higgs:1964ia,
    author = "Higgs, Peter W.",
    title = "{Broken symmetries, massless particles and gauge fields}",
    doi = "10.1016/0031-9163(64)91136-9",
    journal = "Phys. Lett.",
    volume = "12",
    pages = "132--133",
    year = "1964"
}

@article{Higgs:1964pj,
    author = "Higgs, Peter W.",
    editor = "Taylor, J.C.",
    title = "{Broken Symmetries and the Masses of Gauge Bosons}",
    doi = "10.1103/PhysRevLett.13.508",
    journal = "Phys. Rev. Lett.",
    volume = "13",
    pages = "508--509",
    year = "1964"
}

@article{Guralnik:1964eu,
    author = "Guralnik, G.S. and Hagen, C.R. and Kibble, T.W.B.",
    editor = "Taylor, J.C.",
    title = "{Global Conservation Laws and Massless Particles}",
    doi = "10.1103/PhysRevLett.13.585",
    journal = "Phys. Rev. Lett.",
    volume = "13",
    pages = "585--587",
    year = "1964"
}

@article{Khachatryan:2016vau,
    author = "Aad, Georges and others",
    collaboration = "ATLAS, CMS",
    title = "{Measurements of the Higgs boson production and decay rates and constraints on its couplings from a combined ATLAS and CMS analysis of the LHC pp collision data at $ \sqrt{s}=7 $ and 8 TeV}",
    eprint = "1606.02266",
    archivePrefix = "arXiv",
    primaryClass = "hep-ex",
    reportNumber = "CERN-EP-2016-100, ATLAS-HIGG-2015-07, CMS-HIG-15-002",
    doi = "10.1007/JHEP08(2016)045",
    journal = "JHEP",
    volume = "08",
    pages = "045",
    year = "2016"
}

@article{Kanemura:2005hr,
    author = "Kanemura, Shinya and Ota, Toshihiko and Tsumura, Koji",
    title = "{Lepton flavor violation in Higgs boson decays under the rare tau decay results}",
    eprint = "hep-ph/0505191",
    archivePrefix = "arXiv",
    reportNumber = "OU-HET-521",
    doi = "10.1103/PhysRevD.73.016006",
    journal = "Phys. Rev. D",
    volume = "73",
    pages = "016006",
    year = "2006"
}

@article{Sher:2016rhh,
    author = "Sher, Marc and Thrasher, Keith",
    title = "{Flavor Changing Leptonic Decays of Heavy Higgs Bosons}",
    eprint = "1601.03973",
    archivePrefix = "arXiv",
    primaryClass = "hep-ph",
    doi = "10.1103/PhysRevD.93.055021",
    journal = "Phys. Rev. D",
    volume = "93",
    number = "5",
    pages = "055021",
    year = "2016"
}

@article{Sirunyan:2017xzt,
    author = "Sirunyan, Albert M and others",
    collaboration = "CMS",
    title = "{Search for lepton flavour violating decays of the Higgs boson to $\mu\tau$ and e$\tau$ in proton-proton collisions at $\sqrt{s}=$ 13 TeV}",
    eprint = "1712.07173",
    archivePrefix = "arXiv",
    primaryClass = "hep-ex",
    reportNumber = "CMS-HIG-17-001, CERN-EP-2017-292",
    doi = "10.1007/JHEP06(2018)001",
    journal = "JHEP",
    volume = "06",
    pages = "001",
    year = "2018"
}

@article{Aad:2019ugc,
    author = "Aad, Georges and others",
    collaboration = "ATLAS",
    title = "{Searches for lepton-flavour-violating decays of the Higgs boson in $\sqrt{s}=13$ TeV pp collisions with the ATLAS detector}",
    eprint = "1907.06131",
    archivePrefix = "arXiv",
    primaryClass = "hep-ex",
    reportNumber = "CERN-EP-2019-126",
    doi = "10.1016/j.physletb.2019.135069",
    journal = "Phys. Lett. B",
    volume = "800",
    pages = "135069",
    year = "2020"
}

@article{Khachatryan:2016rke,
    author = "Khachatryan, Vardan and others",
    collaboration = "CMS",
    title = "{Search for lepton flavour violating decays of the Higgs boson to $e \tau$ and $e \mu$ in proton\textendash{}proton collisions at $\sqrt s=$ 8 TeV}",
    eprint = "1607.03561",
    archivePrefix = "arXiv",
    primaryClass = "hep-ex",
    reportNumber = "CMS-HIG-14-040, CERN-EP-2016-112",
    doi = "10.1016/j.physletb.2016.09.062",
    journal = "Phys. Lett. B",
    volume = "763",
    pages = "472--500",
    year = "2016"
}

@article{Aad:2016blu,
    author = "Aad, Georges and others",
    collaboration = "ATLAS",
    title = "{Search for lepton-flavour-violating decays of the Higgs and $Z$ bosons with the ATLAS detector}",
    eprint = "1604.07730",
    archivePrefix = "arXiv",
    primaryClass = "hep-ex",
    reportNumber = "CERN-EP-2016-055",
    doi = "10.1140/epjc/s10052-017-4624-0",
    journal = "Eur. Phys. J. C",
    volume = "77",
    number = "2",
    pages = "70",
    year = "2017"
}

@article{Aad:2015gha,
    author = "Aad, Georges and others",
    collaboration = "ATLAS",
    title = "{Search for lepton-flavour-violating \Hmt decays of the Higgs boson with the ATLAS detector}",
    eprint = "1508.03372",
    archivePrefix = "arXiv",
    primaryClass = "hep-ex",
    reportNumber = "CERN-PH-EP-2015-184",
    doi = "10.1007/JHEP11(2015)211",
    journal = "JHEP",
    volume = "11",
    pages = "211",
    year = "2015"
}

@article{Buschmann:2016uzg,
    author = "Buschmann, Malte and Kopp, Joachim and Liu, Jia and Wang, Xiao-Ping",
    title = "{New Signatures of Flavor Violating Higgs Couplings}",
    eprint = "1601.02616",
    archivePrefix = "arXiv",
    primaryClass = "hep-ph",
    reportNumber = "MITP-16-005",
    doi = "10.1007/JHEP06(2016)149",
    journal = "JHEP",
    volume = "06",
    pages = "149",
    year = "2016"
}

@article{Bjorken:1977vt,
    author = "Bjorken, J.D. and Weinberg, Steven",
    title = "{A Mechanism for Nonconservation of Muon Number}",
    reportNumber = "SLAC-PUB-1868",
    doi = "10.1103/PhysRevLett.38.622",
    journal = "Phys. Rev. Lett.",
    volume = "38",
    pages = "622",
    year = "1977"
}

@article{Davidson:2010xv,
    author = "Davidson, Sacha and Grenier, Gerald Jean",
    title = "{Lepton flavour violating Higgs and tau to mu gamma}",
    eprint = "1001.0434",
    archivePrefix = "arXiv",
    primaryClass = "hep-ph",
    doi = "10.1103/PhysRevD.81.095016",
    journal = "Phys. Rev. D",
    volume = "81",
    pages = "095016",
    year = "2010"
}

@article{CMS:2013wea,
    collaboration = "CMS",
    title = "{Pileup Jet Identification}",
    reportNumber = "CMS-PAS-JME-13-005",
    month = "10",
    year = "2013"
}

@article{Celis:2013xja,
    author = "Celis, Alejandro and Cirigliano, Vincenzo and Passemar, Emilie",
    title = "{Lepton flavor violation in the Higgs sector and the role of hadronic $\tau$-lepton decays}",
    eprint = "1309.3564",
    archivePrefix = "arXiv",
    primaryClass = "hep-ph",
    reportNumber = "FTUV-13-0913, IFIC-13-63, LA-UR-13-27104",
    doi = "10.1103/PhysRevD.89.013008",
    journal = "Phys. Rev. D",
    volume = "89",
    pages = "013008",
    year = "2014"
}

@article{Barr:1990vd,
    author = "Barr, Stephen M. and Zee, A.",
    title = "{Electric Dipole Moment of the Electron and of the Neutron}",
    reportNumber = "NSF-ITP-90-46",
    doi = "10.1103/PhysRevLett.65.21",
    journal = "Phys. Rev. Lett.",
    volume = "65",
    pages = "21--24",
    year = "1990",
    note = "[Erratum: Phys.Rev.Lett. 65, 2920 (1990)]"
}

@article{Korner:1992zk,
    author = "Korner, J.G. and Pilaftsis, A. and Schilcher, K.",
    title = "{Leptonic CP asymmetries in flavor changing H0 decays}",
    eprint = "hep-ph/9301289",
    archivePrefix = "arXiv",
    reportNumber = "MZ-TH-92-30",
    doi = "10.1103/PhysRevD.47.1080",
    journal = "Phys. Rev. D",
    volume = "47",
    pages = "1080--1086",
    year = "1993"
}

@article{McKeen:2012av,
    author = "McKeen, David and Pospelov, Maxim and Ritz, Adam",
    title = "{Modified Higgs branching ratios versus CP and lepton flavor violation}",
    eprint = "1208.4597",
    archivePrefix = "arXiv",
    primaryClass = "hep-ph",
    doi = "10.1103/PhysRevD.86.113004",
    journal = "Phys. Rev. D",
    volume = "86",
    pages = "113004",
    year = "2012"
}

@article{Arhrib:2012ax,
    author = "Arhrib, Abdesslam and Cheng, Yifan and Kong, Otto C.W.",
    title = "{Comprehensive analysis on lepton flavor violating Higgs boson to $\mu^\mp \tau^\pm$ decay in supersymmetry without $R$ parity}",
    eprint = "1210.8241",
    archivePrefix = "arXiv",
    primaryClass = "hep-ph",
    reportNumber = "NCU-HEP-K055",
    doi = "10.1103/PhysRevD.87.015025",
    journal = "Phys. Rev. D",
    volume = "87",
    number = "1",
    pages = "015025",
    year = "2013"
}

@article{Goudelis:2011un,
    author = "Goudelis, Andreas and Lebedev, Oleg and Park, Jae-hyeon",
    title = "{Higgs-induced lepton flavor violation}",
    eprint = "1111.1715",
    archivePrefix = "arXiv",
    primaryClass = "hep-ph",
    reportNumber = "DESY-11-194",
    doi = "10.1016/j.physletb.2011.12.059",
    journal = "Phys. Lett. B",
    volume = "707",
    pages = "369--374",
    year = "2012"
}

@article{Buras:2009ka,
    author = "Buras, Andrzej J. and Duling, Bjoern and Gori, Stefania",
    title = "{The Impact of Kaluza-Klein Fermions on Standard Model Fermion Couplings in a RS Model with Custodial Protection}",
    eprint = "0905.2318",
    archivePrefix = "arXiv",
    primaryClass = "hep-ph",
    reportNumber = "TUM-HEP-715-09, MPP-2009-46",
    doi = "10.1088/1126-6708/2009/09/076",
    journal = "JHEP",
    volume = "09",
    pages = "076",
    year = "2009"
}

@article{Albrecht:2009xr,
    author = "Albrecht, Michaela E. and Blanke, Monika and Buras, Andrzej J. and Duling, Bjorn and Gemmler, Katrin",
    title = "{Electroweak and Flavour Structure of a Warped Extra Dimension with Custodial Protection}",
    eprint = "0903.2415",
    archivePrefix = "arXiv",
    primaryClass = "hep-ph",
    reportNumber = "TUM-TEP-711-09, MPP-2009-17, TUM-HEP-711-09",
    doi = "10.1088/1126-6708/2009/09/064",
    journal = "JHEP",
    volume = "09",
    pages = "064",
    year = "2009"
}

@article{AguilarSaavedra:2009mx,
    author = "Aguilar-Saavedra, J.A.",
    title = "{A Minimal set of top-Higgs anomalous couplings}",
    eprint = "0904.2387",
    archivePrefix = "arXiv",
    primaryClass = "hep-ph",
    doi = "10.1016/j.nuclphysb.2009.06.022",
    journal = "Nucl. Phys. B",
    volume = "821",
    pages = "215--227",
    year = "2009"
}

@article{Giudice:2008uua,
    author = "Giudice, Gian F. and Lebedev, Oleg",
    title = "{Higgs-dependent Yukawa couplings}",
    eprint = "0804.1753",
    archivePrefix = "arXiv",
    primaryClass = "hep-ph",
    reportNumber = "CERN-PH-TH-2008-069",
    doi = "10.1016/j.physletb.2008.05.062",
    journal = "Phys. Lett. B",
    volume = "665",
    pages = "79--85",
    year = "2008"
}

@article{Casagrande:2008hr,
    author = "Casagrande, S. and Goertz, F. and Haisch, U. and Neubert, M. and Pfoh, T.",
    title = "{Flavor Physics in the Randall-Sundrum Model: I. Theoretical Setup and Electroweak Precision Tests}",
    eprint = "0807.4937",
    archivePrefix = "arXiv",
    primaryClass = "hep-ph",
    reportNumber = "MZ-TH-08-18",
    doi = "10.1088/1126-6708/2008/10/094",
    journal = "JHEP",
    volume = "10",
    pages = "094",
    year = "2008"
}

@article{Blanke:2008zb,
    author = "Blanke, Monika and Buras, Andrzej J. and Duling, Bjoern and Gori, Stefania and Weiler, Andreas",
    title = "{$\Delta$ F=2 Observables and Fine-Tuning in a Warped Extra Dimension with Custodial Protection}",
    eprint = "0809.1073",
    archivePrefix = "arXiv",
    primaryClass = "hep-ph",
    reportNumber = "TUM-HEP-698-08, MPP-2008-115",
    doi = "10.1088/1126-6708/2009/03/001",
    journal = "JHEP",
    volume = "03",
    pages = "001",
    year = "2009"
}

@article{Han:2000jz,
    author = "Han, Tao and Marfatia, Danny",
    title = "{h ---\ensuremath{>} mu tau at hadron colliders}",
    eprint = "hep-ph/0008141",
    archivePrefix = "arXiv",
    reportNumber = "MADPH-00-1188",
    doi = "10.1103/PhysRevLett.86.1442",
    journal = "Phys. Rev. Lett.",
    volume = "86",
    pages = "1442--1445",
    year = "2001"
}

@article{Shanker:1981mj,
    author = "Shanker, Oruganti U.",
    title = "{Flavor Violation, Scalar Particles and Leptoquarks}",
    reportNumber = "TRI-PP-81-71",
    doi = "10.1016/0550-3213(82)90534-X",
    journal = "Nucl. Phys. B",
    volume = "206",
    pages = "253--272",
    year = "1982"
}

@article{McWilliams:1980kj,
    author = "McWilliams, Bruce and Li, Ling-Fong",
    title = "{Virtual Effects of Higgs Particles}",
    reportNumber = "COO-3066-146",
    doi = "10.1016/0550-3213(81)90249-2",
    journal = "Nucl. Phys. B",
    volume = "179",
    pages = "62--84",
    year = "1981"
}

@article{Lai:2010vv,
    author = "Lai, Hung-Liang and Guzzi, Marco and Huston, Joey and Li, Zhao and Nadolsky, Pavel M. and Pumplin, Jon and Yuan, C.-P.",
    title = "{New parton distributions for collider physics}",
    eprint = "1007.2241",
    archivePrefix = "arXiv",
    primaryClass = "hep-ph",
    reportNumber = "MSUHEP-100707, SMU-HEP-10-10",
    doi = "10.1103/PhysRevD.82.074024",
    journal = "Phys. Rev. D",
    volume = "82",
    pages = "074024",
    year = "2010"
}

@article{Ball:2011mu,
    author = "Ball, Richard D. and Bertone, Valerio and Cerutti, Francesco and Del Debbio, Luigi and Forte, Stefano and Guffanti, Alberto and Latorre, Jose I. and Rojo, Juan and Ubiali, Maria",
    title = "{Impact of Heavy Quark Masses on Parton Distributions and LHC Phenomenology}",
    eprint = "1101.1300",
    archivePrefix = "arXiv",
    primaryClass = "hep-ph",
    reportNumber = "EDINBURGH-2011-01, IFUM-969-FT, FR-PHENO-2010-043, RWTH-TTK-11-02",
    doi = "10.1016/j.nuclphysb.2011.03.021",
    journal = "Nucl. Phys. B",
    volume = "849",
    pages = "296--363",
    year = "2011"
}

@article{Djouadi:1991tka,
    author = "Djouadi, A. and Spira, M. and Zerwas, P.M.",
    title = "{Production of Higgs bosons in proton colliders: QCD corrections}",
    reportNumber = "PITHA-91-6",
    doi = "10.1016/0370-2693(91)90375-Z",
    journal = "Phys. Lett. B",
    volume = "264",
    pages = "440--446",
    year = "1991"
}

@article{Aglietti:2004nj,
    author = "Aglietti, U. and Bonciani, R. and Degrassi, G. and Vicini, A.",
    title = "{Two loop light fermion contribution to Higgs production and decays}",
    eprint = "hep-ph/0404071",
    archivePrefix = "arXiv",
    reportNumber = "ROME1-1373-04, FREIBURG-THEP-04-05, RM3-TH-04-06, IFUM-788-FT",
    doi = "10.1016/j.physletb.2004.06.063",
    journal = "Phys. Lett. B",
    volume = "595",
    pages = "432--441",
    year = "2004"
}

@article{Perez:2008ee,
    author = "Perez, Gilad and Randall, Lisa",
    title = "{Natural Neutrino Masses and Mixings from Warped Geometry}",
    eprint = "0805.4652",
    archivePrefix = "arXiv",
    primaryClass = "hep-ph",
    doi = "10.1088/1126-6708/2009/01/077",
    journal = "JHEP",
    volume = "01",
    pages = "077",
    year = "2009"
}

@article{Ishimori:2010au,
    author = "Ishimori, Hajime and Kobayashi, Tatsuo and Ohki, Hiroshi and Shimizu, Yusuke and Okada, Hiroshi and Tanimoto, Morimitsu",
    title = "{Non-Abelian Discrete Symmetries in Particle Physics}",
    eprint = "1003.3552",
    archivePrefix = "arXiv",
    primaryClass = "hep-th",
    reportNumber = "KUNS-2260",
    doi = "10.1143/PTPS.183.1",
    journal = "Prog. Theor. Phys. Suppl.",
    volume = "183",
    pages = "1--163",
    year = "2010"
}

@article{Azatov:2009na,
    author = "Azatov, Aleksandr and Toharia, Manuel and Zhu, Lijun",
    title = "{Higgs Mediated FCNC's in Warped Extra Dimensions}",
    eprint = "0906.1990",
    archivePrefix = "arXiv",
    primaryClass = "hep-ph",
    reportNumber = "UMD-PP-09-039",
    doi = "10.1103/PhysRevD.80.035016",
    journal = "Phys. Rev. D",
    volume = "80",
    pages = "035016",
    year = "2009"
}

@article{Agashe:2009di,
    author = "Agashe, Kaustubh and Contino, Roberto",
    title = "{Composite Higgs-Mediated FCNC}",
    eprint = "0906.1542",
    archivePrefix = "arXiv",
    primaryClass = "hep-ph",
    reportNumber = "UMD-PP-09-038, CERN-PH-TH-2009-085",
    doi = "10.1103/PhysRevD.80.075016",
    journal = "Phys. Rev. D",
    volume = "80",
    pages = "075016",
    year = "2009"
}

@article{Arganda:2015naa,
    author = "Arganda, E. and Herrero, M.J. and Marcano, X. and Weiland, C.",
    title = "{Enhancement of the lepton flavor violating Higgs boson decay rates from SUSY loops in the inverse seesaw model}",
    eprint = "1508.04623",
    archivePrefix = "arXiv",
    primaryClass = "hep-ph",
    reportNumber = "IFT-UAM-CSIC-15-085, FTUAM-15-25, SU-HET-07-2015, IPPP-15-67, DCPT-15-134",
    doi = "10.1103/PhysRevD.93.055010",
    journal = "Phys. Rev. D",
    volume = "93",
    number = "5",
    pages = "055010",
    year = "2016"
}

@article{Arganda:2014dta,
    author = "Arganda, E. and Herrero, M.J. and Marcano, X. and Weiland, C.",
    title = "{Imprints of massive inverse seesaw model neutrinos in lepton flavor violating Higgs boson decays}",
    eprint = "1405.4300",
    archivePrefix = "arXiv",
    primaryClass = "hep-ph",
    reportNumber = "IFT-UAM-CSIC-14-018, FTUAM-14-016",
    doi = "10.1103/PhysRevD.91.015001",
    journal = "Phys. Rev. D",
    volume = "91",
    number = "1",
    pages = "015001",
    year = "2015"
}

@article{Arana-Catania:2013xma,
    author = "Arana-Catania, M. and Arganda, E. and Herrero, M.J.",
    title = "{Non-decoupling SUSY in LFV Higgs decays: a window to new physics at the LHC}",
    eprint = "1304.3371",
    archivePrefix = "arXiv",
    primaryClass = "hep-ph",
    reportNumber = "IFT-UAM-CSIC-13-024",
    doi = "10.1007/JHEP09(2013)160",
    journal = "JHEP",
    volume = "09",
    pages = "160",
    year = "2013",
    note = "[Erratum: JHEP 10, 192 (2015)]"
}

@article{Arganda:2004bz,
    author = "Arganda, Ernesto and Curiel, Ana M. and Herrero, Maria J. and Temes, David",
    title = "{Lepton flavor violating Higgs boson decays from massive seesaw neutrinos}",
    eprint = "hep-ph/0407302",
    archivePrefix = "arXiv",
    reportNumber = "FTUAM-04-16, IFT-UAM-CSIC-04-41, LAPTH-1057-04",
    doi = "10.1103/PhysRevD.71.035011",
    journal = "Phys. Rev. D",
    volume = "71",
    pages = "035011",
    year = "2005"
}

@article{Arganda:2015uca,
    author = "Arganda, E. and Herrero, M.J. and Morales, R. and Szynkman, A.",
    title = "{Analysis of the h, H, A \textrightarrow{} \ensuremath{\tau}\ensuremath{\mu} decays induced from SUSY loops within the Mass Insertion Approximation}",
    eprint = "1510.04685",
    archivePrefix = "arXiv",
    primaryClass = "hep-ph",
    reportNumber = "IFT-UAM-CSIC-15-108, FTUAM-15-32",
    doi = "10.1007/JHEP03(2016)055",
    journal = "JHEP",
    volume = "03",
    pages = "055",
    year = "2016"
}

@article{Georgi:1977gs,
    author = "Georgi, H.M. and Glashow, S.L. and Machacek, M.E. and Nanopoulos, Dimitri V.",
    title = "{Higgs Bosons from Two Gluon Annihilation in Proton Proton Collisions}",
    reportNumber = "HUTP-77/A084",
    doi = "10.1103/PhysRevLett.40.692",
    journal = "Phys. Rev. Lett.",
    volume = "40",
    pages = "692",
    year = "1978"
}

@article{Cahn:1986zv,
    author = "Cahn, Robert N. and Ellis, Stephen D. and Kleiss, Ronald and Stirling, W.James",
    title = "{Transverse Momentum Signatures for Heavy Higgs Bosons}",
    reportNumber = "LBL-21649",
    doi = "10.1103/PhysRevD.35.1626",
    journal = "Phys. Rev. D",
    volume = "35",
    pages = "1626",
    year = "1987"
}

@article{Glashow:1978ab,
    author = "Glashow, S.L. and Nanopoulos, Dimitri V. and Yildiz, A.",
    title = "{Associated Production of Higgs Bosons and Z Particles}",
    doi = "10.1103/PhysRevD.18.1724",
    journal = "Phys. Rev. D",
    volume = "18",
    pages = "1724--1727",
    year = "1978"
}

@article{Heinrich:2017kxx,
    author = "Heinrich, G. and Jones, S.P. and Kerner, M. and Luisoni, G. and Vryonidou, E.",
    title = "{NLO predictions for Higgs boson pair production with full top quark mass dependence matched to parton showers}",
    eprint = "1703.09252",
    archivePrefix = "arXiv",
    primaryClass = "hep-ph",
    reportNumber = "CERN-TH-2017-069, MPP-2017-41, NIKHEF-2017-020",
    doi = "10.1007/JHEP08(2017)088",
    journal = "JHEP",
    volume = "08",
    pages = "088",
    year = "2017"
}

@article{Buchalla:2018yce,
    author = "Buchalla, G. and Capozi, M. and Celis, A. and Heinrich, G. and Scyboz, L.",
    title = "{Higgs boson pair production in non-linear Effective Field Theory with full $m_t$-dependence at NLO QCD}",
    eprint = "1806.05162",
    archivePrefix = "arXiv",
    primaryClass = "hep-ph",
    reportNumber = "LMU-ASC 34/18, MPP-2018-127, LMU-ASC-34-18",
    doi = "10.1007/JHEP09(2018)057",
    journal = "JHEP",
    volume = "09",
    pages = "057",
    year = "2018"
}

@article{Alwall:2007fs,
    author = "Alwall, Johan and others",
    title = "{Comparative study of various algorithms for the merging of parton showers and matrix elements in hadronic collisions}",
    eprint = "0706.2569",
    archivePrefix = "arXiv",
    primaryClass = "hep-ph",
    reportNumber = "SLAC-PUB-12604, CERN-PH-TH-2007-066, LU-TP-07-13, KA-TP-06-2007, DCPT-07-62, IPPP-07-31",
    doi = "10.1140/epjc/s10052-007-0490-5",
    journal = "Eur. Phys. J. C",
    volume = "53",
    pages = "473--500",
    year = "2008"
}

@article{Nason:2004rx,
    author = "Nason, Paolo",
    title = "{A New method for combining NLO QCD with shower Monte Carlo algorithms}",
    eprint = "hep-ph/0409146",
    archivePrefix = "arXiv",
    reportNumber = "BICOCCA-FT-04-11",
    doi = "10.1088/1126-6708/2004/11/040",
    journal = "JHEP",
    volume = "11",
    pages = "040",
    year = "2004"
}

@article{Frixione:2007vw,
    author = "Frixione, Stefano and Nason, Paolo and Oleari, Carlo",
    title = "{Matching NLO QCD computations with Parton Shower simulations: the POWHEG method}",
    eprint = "0709.2092",
    archivePrefix = "arXiv",
    primaryClass = "hep-ph",
    reportNumber = "BICOCCA-FT-07-9, GEF-TH-21-2007",
    doi = "10.1088/1126-6708/2007/11/070",
    journal = "JHEP",
    volume = "11",
    pages = "070",
    year = "2007"
}

@article{Alioli:2010xa,
    author = "Alioli, Simone and Hamilton, Keith and Nason, Paolo and Oleari, Carlo and Re, Emanuele",
    title = "{Jet pair production in POWHEG}",
    eprint = "1012.3380",
    archivePrefix = "arXiv",
    primaryClass = "hep-ph",
    reportNumber = "DESY-10-233, SFB-CPP-10-128, IPPP-10-100, DCPT-10-200, MCNET-10-23",
    doi = "10.1007/JHEP04(2011)081",
    journal = "JHEP",
    volume = "04",
    pages = "081",
    year = "2011"
}

@article{Alioli:2008tz,
    author = "Alioli, Simone and Nason, Paolo and Oleari, Carlo and Re, Emanuele",
    title = "{NLO Higgs boson production via gluon fusion matched with shower in POWHEG}",
    eprint = "0812.0578",
    archivePrefix = "arXiv",
    primaryClass = "hep-ph",
    doi = "10.1088/1126-6708/2009/04/002",
    journal = "JHEP",
    volume = "04",
    pages = "002",
    year = "2009"
}

@article{Jadach:1990mz,
    author = "Jadach, Stanislaw and Kuhn, Johann H. and Was, Zbigniew",
    title = "{TAUOLA: A Library of Monte Carlo programs to simulate decays of polarized tau leptons}",
    reportNumber = "CERN-TH-5856-90",
    doi = "10.1016/0010-4655(91)90038-M",
    journal = "Comput. Phys. Commun.",
    volume = "64",
    pages = "275--299",
    year = "1990"
}

@article{Bagnaschi:2011tu,
    author = "Bagnaschi, E. and Degrassi, G. and Slavich, P. and Vicini, A.",
    title = "{Higgs production via gluon fusion in the POWHEG approach in the SM and in the MSSM}",
    eprint = "1111.2854",
    archivePrefix = "arXiv",
    primaryClass = "hep-ph",
    reportNumber = "RM3-TH-11-5, IFUM-990-FT",
    doi = "10.1007/JHEP02(2012)088",
    journal = "JHEP",
    volume = "02",
    pages = "088",
    year = "2012"
}

@article{Sjostrand:2007gs,
    author = "Sjostrand, Torbjorn and Mrenna, Stephen and Skands, Peter Z.",
    title = "{A Brief Introduction to PYTHIA 8.1}",
    eprint = "0710.3820",
    archivePrefix = "arXiv",
    primaryClass = "hep-ph",
    reportNumber = "CERN-LCGAPP-2007-04, LU-TP-07-28, FERMILAB-PUB-07-512-CD-T",
    doi = "10.1016/j.cpc.2008.01.036",
    journal = "Comput. Phys. Commun.",
    volume = "178",
    pages = "852--867",
    year = "2008"
}

@article{Khachatryan:2015pea,
    author = "Khachatryan, Vardan and others",
    collaboration = "CMS",
    title = "{Event generator tunes obtained from underlying event and multiparton scattering measurements}",
    eprint = "1512.00815",
    archivePrefix = "arXiv",
    primaryClass = "hep-ex",
    reportNumber = "CMS-GEN-14-001, CERN-PH-EP-2015-291",
    doi = "10.1140/epjc/s10052-016-3988-x",
    journal = "Eur. Phys. J. C",
    volume = "76",
    number = "3",
    pages = "155",
    year = "2016"
}

@article{CMS:2018zub,
    collaboration = "CMS",
    title = "{Extraction and validation of a new set of CMS PYTHIA8 tunes from underlying-event measurements}",
    reportNumber = "CMS-PAS-GEN-17-001",
    month = "8",
    year = "2018"
}

@article{Ball:2017nwa,
    author = "Ball, Richard D. and others",
    collaboration = "NNPDF",
    title = "{Parton distributions from high-precision collider data}",
    eprint = "1706.00428",
    archivePrefix = "arXiv",
    primaryClass = "hep-ph",
    reportNumber = "CAVENDISH-HEP-17-06, CERN-TH-2017-077, EDINBURGH-2017-08, NIKHEF-2017-006, OUTP-17-04P, TIF-UNIMI-2017-3",
    doi = "10.1140/epjc/s10052-017-5199-5",
    journal = "Eur. Phys. J. C",
    volume = "77",
    number = "10",
    pages = "663",
    year = "2017"
}

@article{Cowan:2010js,
    author = "Cowan, Glen and Cranmer, Kyle and Gross, Eilam and Vitells, Ofer",
    title = "{Asymptotic formulae for likelihood-based tests of new physics}",
    eprint = "1007.1727",
    archivePrefix = "arXiv",
    primaryClass = "physics.data-an",
    doi = "10.1140/epjc/s10052-011-1554-0",
    journal = "Eur. Phys. J. C",
    volume = "71",
    pages = "1554",
    year = "2011",
    note = "[Erratum: Eur.Phys.J.C 73, 2501 (2013)]"
}

@article{Sirunyan:2018nqx,
    author = "Sirunyan, Albert M and others",
    collaboration = "CMS",
    title = "{Measurement of the inelastic proton-proton cross section at $ \sqrt{s}=13 $ TeV}",
    eprint = "1802.02613",
    archivePrefix = "arXiv",
    primaryClass = "hep-ex",
    reportNumber = "CMS-FSQ-15-005, CERN-EP-2018-004",
    doi = "10.1007/JHEP07(2018)161",
    journal = "JHEP",
    volume = "07",
    pages = "161",
    year = "2018"
}
